<record><leader>00000cas a22000007a 4500</leader><controlfield tag="001">11560001</controlfield><controlfield tag="008">850109d187u1894njuwr ne      0    0eng d</controlfield><datafield ind1=" " ind2=" " tag="010"><subfield code="a">sn 85025050 </subfield></datafield><datafield ind1=" " ind2=" " tag="040"><subfield code="a">NPX</subfield><subfield code="b">eng</subfield><subfield code="c">NPX</subfield><subfield code="d">NPT</subfield><subfield code="d">NJW</subfield><subfield code="d">OCLCQ</subfield></datafield><datafield ind1=" " ind2=" " tag="042"><subfield code="a">msc</subfield></datafield><datafield ind1="0" ind2="0" tag="245"><subfield code="a">Central New Jersey herald.</subfield></datafield><datafield ind1="3" ind2="0" tag="246"><subfield code="a">Central herald</subfield></datafield><datafield ind1=" " ind2=" " tag="260"><subfield code="a">Elizabeth, N.J. :</subfield><subfield code="b">Drake &amp; Cook</subfield></datafield><datafield ind1=" " ind2=" " tag="300"><subfield code="a">v.</subfield></datafield><datafield ind1=" " ind2=" " tag="310"><subfield code="a">Weekly</subfield></datafield><datafield ind1="1" ind2=" " tag="362"><subfield code="a">Ceased in 1894?</subfield></datafield><datafield ind1=" " ind2=" " tag="500"><subfield code="a">"New Jersey" appears in title ornament, &lt;1876&gt;.</subfield></datafield><datafield ind1=" " ind2=" " tag="580"><subfield code="a">Issued also in a daily edition called: Daily central New Jersey herald.</subfield></datafield><datafield ind1=" " ind2=" " tag="588"><subfield code="a">Description based on: Vol. 14, no. 1 (Jan. 1, 1876).</subfield></datafield><datafield ind1=" " ind2=" " tag="752"><subfield code="a">United States</subfield><subfield code="b">New Jersey</subfield><subfield code="c">Union</subfield><subfield code="d">Elizabeth.</subfield></datafield><datafield ind1="0" ind2=" " tag="775"><subfield code="t">Elizabeth daily herald</subfield><subfield code="w">(DLC)sn 83032240</subfield><subfield code="w">(OCoLC)10231586</subfield></datafield><datafield ind1="1" ind2=" " tag="775"><subfield code="t">Daily central New Jersey herald</subfield><subfield code="w">(DLC)sn 86063500</subfield><subfield code="w">(OCoLC)13346218</subfield></datafield></record>